@MISC{Exp.5-2019,
	author = {{Pugh}, E.},
    howpublished = {University of Kent Moodle 2019},
    month = {September},
    note = {PH520 Physics Labs A},
    year = {2018},
    title = {Exp.5 Biot-Savart's Law},
}

@MISC{Exp.5-Lab_book,
	author = {{Tomaszewski}, L. R.},
    howpublished = {University of Kent},
    month = {October},
    note = {PH520 Physics Labs A},
    year = {2019},
    title = {Exp.5 Lab Book},
}

@MISC{Exp.5-Risk,
	author = {{Pugh}, E.},
    howpublished = {University of Kent Moodle 2019},
    month = {September},
    note = {PH520 Physics Labs A},
    year = {2018},
    title = {Exp.5 Risk Assessment},
}